@misc{
  catctxphy,
    author = {Paulson, Aron},
    title = {{Category Theory in the Context of Physics}},
    year = {2022},
    month = {August},
    howpublished = {\url{https://github.com/aronpaulson/catctxphy/releases/v0.1.0/download/paper.pdf}}
}
